


@inproceedings{bohorquez2016navig,
  doi = {10.1109/humanoids.2016.7803304},
  url = {https://doi.org/10.1109/humanoids.2016.7803304},
  year  = {2016},
  month = {nov},
  publisher = {{IEEE}},
  author = {Nestor Bohorquez and Alexander Sherikov and Dimitar Dimitrov and Pierre-Brice Wieber},
  title = {Safe navigation strategies for a biped robot walking in a crowd},
  booktitle = {2016 {IEEE}-{RAS} 16th International Conference on Humanoid Robots (Humanoids)}
}


@article{herdt2010onlinefoot,
  doi = {10.1163/016918610x493552},
  url = {https://doi.org/10.1163/016918610x493552},
  year  = {2010},
  month = {jan},
  publisher = {Informa {UK} Limited},
  volume = {24},
  number = {5-6},
  pages = {719--737},
  author = {Andrei Herdt and Holger Diedam and Pierre-Brice Wieber and Dimitar Dimitrov and Katja Mombaur and Moritz Diehl},
  title = {Online Walking Motion Generation with Automatic Footstep Placement},
  journal = {Advanced Robotics}
}

@inproceedings{wieber2006lmpcwalking,
  doi = {10.1109/ichr.2006.321375},
  url = {https://doi.org/10.1109/ichr.2006.321375},
  year  = {2006},
  month = {dec},
  publisher = {{IEEE}},
  author = {Wieber, Pierre-Brice},
  title = {Trajectory Free Linear Model Predictive Control for Stable Walking in the Presence of Strong Perturbations},
  booktitle = {2006 6th {IEEE}-{RAS} International Conference on Humanoid Robots}
}

@incollection{wieber2016modeling,
  title={Modeling and control of legged robots},
  author={Wieber, Pierre-Brice and Tedrake, Russ and Kuindersma, Scott},
  booktitle={Springer Handbook of Robotics},
  pages={1203--1234},
  year={2016},
  publisher={Springer}
}

@incollection{wieberMPC,
  title={Model Predictive Control},
  author={Wieber, Pierre-Brice},
  booktitle={Humanoid Robotics},
  publisher={Springer Nature}
}

@phdthesis{kerrigan2001robust,
  title={Robust constraint satisfaction: Invariant sets and predictive control},
  author={Kerrigan, Eric Colin},
  year={2001},
  school={University of Cambridge}
}

@article{lofberg2012oops,
  doi = {10.1016/j.automatica.2011.12.003},
  url = {https://doi.org/10.1016/j.automatica.2011.12.003},
  year  = {2012},
  month = {mar},
  publisher = {Elsevier {BV}},
  volume = {48},
  number = {3},
  pages = {550--555},
  author = {Johan L\"{o}fberg},
  title = {Oops! I cannot do it again: Testing for recursive feasibility in {MPC}},
  journal = {Automatica}
}

@book{bertsimas1997introduction,
  title={Introduction to linear optimization},
  author={Bertsimas, Dimitris and Tsitsiklis, John N},
  volume={6},
  year={1997},
  publisher={Athena Scientific Belmont, MA}
}


@article{mayne2014model,
  doi = {10.1016/j.automatica.2014.10.128},
  url = {https://doi.org/10.1016/j.automatica.2014.10.128},
  year  = {2014},
  month = {dec},
  publisher = {Elsevier {BV}},
  volume = {50},
  number = {12},
  pages = {2967--2986},
  author = {David Q. Mayne},
  title = {Model predictive control: Recent developments and future promise},
  journal = {Automatica}
}

@article{mayne2000constrained,
  doi = {10.1016/s0005-1098(99)00214-9},
  url = {https://doi.org/10.1016/s0005-1098(99)00214-9},
  year  = {2000},
  month = {jun},
  publisher = {Elsevier {BV}},
  volume = {36},
  number = {6},
  pages = {789--814},
  author = {D.Q. Mayne and J.B. Rawlings and C.V. Rao and P.O.M. Scokaert},
  title = {Constrained model predictive control: Stability and optimality},
  journal = {Automatica}
}

@book{rossiter2003model,
  title={Model-based predictive control: a practical approach},
  author={Rossiter, J Anthony},
  year={2003},
  publisher={CRC press}
}


@inproceedings{wieber2002stability,
  title={On the stability of walking systems},
  author={Wieber, Pierre-Brice},
  booktitle={Proceedings of the international workshop on humanoid and human friendly robotics},
  year={2002}
}

@article{koolen2012capturability,
  doi = {10.1177/0278364912452673},
  url = {https://doi.org/10.1177/0278364912452673},
  year  = {2012},
  month = {aug},
  publisher = {{SAGE} Publications},
  volume = {31},
  number = {9},
  pages = {1094--1113},
  author = {Twan Koolen and Tomas de Boer and John Rebula and Ambarish Goswami and Jerry Pratt},
  title = {Capturability-based analysis and control of legged locomotion,  Part 1: Theory and application to three simple gait models},
  journal = {The International Journal of Robotics Research}
}

@inproceedings{gouaillier2010omni,
  doi = {10.1109/ichr.2010.5686291},
  url = {https://doi.org/10.1109/ichr.2010.5686291},
  year  = {2010},
  month = {dec},
  publisher = {{IEEE}},
  author = {David Gouaillier and Cyrille Collette and Chris Kilner},
  title = {Omni-directional closed-loop walk for {NAO}},
  booktitle = {2010 10th {IEEE}-{RAS} International Conference on Humanoid Robots}
}

@inproceedings{agravante2016walking,
  doi = {10.1109/icra.2016.7487296},
  url = {https://doi.org/10.1109/icra.2016.7487296},
  year  = {2016},
  month = {may},
  publisher = {{IEEE}},
  author = {Don Joven Agravante and Alexander Sherikov and Pierre-Brice Wieber and Andrea Cherubini and Abderrahmane Kheddar},
  title = {Walking pattern generators designed for physical collaboration},
  booktitle = {2016 {IEEE} International Conference on Robotics and Automation ({ICRA})}
}

@book{brogliato1999nonsmooth,
  title={Nonsmooth mechanics},
  author={Brogliato, Bernard and Brogliato, B},
  year={1999},
  publisher={Springer}
}

@inproceedings{wieber2008viability,
  doi = {10.1109/iros.2008.4651022},
  url = {https://doi.org/10.1109/iros.2008.4651022},
  year  = {2008},
  month = {sep},
  publisher = {{IEEE}},
  author = {P.-B. Wieber},
  title = {Viability and predictive control for safe locomotion},
  booktitle = {2008 {IEEE}/{RSJ} International Conference on Intelligent Robots and Systems}
}

@book{boyd2004convex,
  title={Convex optimization},
  author={Boyd, Stephen and Vandenberghe, Lieven},
  year={2004},
  publisher={Cambridge university press}
}

@inproceedings{Brasseur2015,
  doi = {10.1109/humanoids.2015.7363423},
  url = {https://doi.org/10.1109/humanoids.2015.7363423},
  year  = {2015},
  month = {nov},
  publisher = {{IEEE}},
  author = {Camille Brasseur and Alexander Sherikov and Cyrille Collette and Dimitar Dimitrov and Pierre-Brice Wieber},
  title = {A robust linear {MPC} approach to online generation of 3D biped walking motion},
  booktitle = {2015 {IEEE}-{RAS} 15th International Conference on Humanoid Robots (Humanoids)}
}

@inproceedings{Kaneko,
  doi = {10.1109/irds.2002.1041632},
  url = {https://doi.org/10.1109/irds.2002.1041632},
  publisher = {{IEEE}},
  author = {K. Kaneko and F. Kanehiro and S. Kajita and K. Yokoyama and K. Akachi and T. Kawasaki and S. Ota and T. Isozumi},
  title = {Design of prototype humanoid robotics platform for {HRP}},
  booktitle = {{IEEE}/{RSJ} International Conference on Intelligent Robots and System}
}

@phdthesis{sherikov2016balance,
  title={Balance preservation and task prioritization in whole body motion control of humanoid robots},
  author={Sherikov, Alexander},
  year={2016},
  school={Grenoble Alpes}
}

@incollection{Fukuda1996,
  doi = {10.1007/3-540-61576-8_77},
  url = {https://doi.org/10.1007/3-540-61576-8_77},
  year  = {1996},
  publisher = {Springer Berlin Heidelberg},
  pages = {91--111},
  author = {Komei Fukuda and Alain Prodon},
  title = {Double description method revisited},
  booktitle = {Combinatorics and Computer Science}
}

@inproceedings{Herdt2010,
  doi = {10.1109/iros.2010.5654429},
  url = {https://doi.org/10.1109/iros.2010.5654429},
  year  = {2010},
  month = {oct},
  publisher = {{IEEE}},
  author = {A Herdt and N Perrin and Pierre-Brice Wieber},
  title = {Walking without thinking about it},
  booktitle = {2010 {IEEE}/{RSJ} International Conference on Intelligent Robots and Systems}
}


@inproceedings{Takanishi,
  doi = {10.1109/iros.1989.637905},
  url = {https://doi.org/10.1109/iros.1989.637905},
  publisher = {{IEEE}},
  author = {A. Takanishi and M. Tochizawa and H. Karaki and I. Kato},
  title = {Dynamic Biped Walking Stabilized With Optimal Trunk And Waist Motion},
  booktitle = {Proceedings. {IEEE}/{RSJ} International Workshop on Intelligent Robots and Systems}
}

@inproceedings{Takenaka2009,
  doi = {10.1109/iros.2009.5354662},
  url = {https://doi.org/10.1109/iros.2009.5354662},
  year  = {2009},
  month = {oct},
  publisher = {{IEEE}},
  author = {Toru Takenaka and Takashi Matsumoto and Takahide Yoshiike},
  title = {Real time motion generation and control for biped robot: Walking gait pattern generation},
  booktitle = {2009 {IEEE}/{RSJ} International Conference on Intelligent Robots and Systems}
}

@inproceedings{Tajima2009,
  doi = {10.1109/robot.2009.5152404},
  url = {https://doi.org/10.1109/robot.2009.5152404},
  year  = {2009},
  month = {may},
  publisher = {{IEEE}},
  author = {Ryosuke Tajima and Daisaku Honda and Keisuke Suga},
  title = {Fast running experiments involving a humanoid robot},
  booktitle = {2009 {IEEE} International Conference on Robotics and Automation}
}

@inproceedings{Nagasaka2004,
  doi = {10.1109/robot.2004.1308745},
  url = {https://doi.org/10.1109/robot.2004.1308745},
  year  = {2004},
  publisher = {{IEEE}},
  author = {K. Nagasaka and Y. Kuroki and S. Suzuki and Y. Itoh and J. Yamaguchi},
  title = {Integrated motion control for walking,  jumping and running on a small bipedal entertainment robot},
  booktitle = {{IEEE} International Conference on Robotics and Automation,  2004. Proceedings.}
}

@inproceedings{HunokLim,
  doi = {10.1109/robot.2002.1013705},
  url = {https://doi.org/10.1109/robot.2002.1013705},
  publisher = {{IEEE}},
  author = {Hun-ok Lim and Y. Kaneshima and A. Takanishi},
  title = {Online walking pattern generation for biped humanoid robot with trunk},
  booktitle = {Proceedings 2002 {IEEE} International Conference on Robotics and Automation (Cat. No.02CH37292)}
}

@article{Bouraine2011,
  doi = {10.1007/s10514-011-9258-8},
  url = {https://doi.org/10.1007/s10514-011-9258-8},
  year  = {2011},
  month = {nov},
  publisher = {Springer Nature},
  volume = {32},
  number = {3},
  pages = {267--283},
  author = {Sara Bouraine and Thierry Fraichard and Hassen Salhi},
  title = {Provably safe navigation for mobile robots with limited field-of-views in dynamic environments},
  journal = {Autonomous Robots}
}

@inproceedings{Pratt2006,
  doi = {10.1109/ichr.2006.321385},
  url = {https://doi.org/10.1109/ichr.2006.321385},
  year  = {2006},
  month = {dec},
  publisher = {{IEEE}},
  author = {Jerry Pratt and John Carff and Sergey Drakunov and Ambarish Goswami},
  title = {Capture Point: A Step toward Humanoid Push Recovery},
  booktitle = {2006 6th {IEEE}-{RAS} International Conference on Humanoid Robots}
}

@inproceedings{dune2011,
  TITLE = {{Vision based control for Humanoid robots}},
  AUTHOR = {Dune, Claire and Herdt, Andrei and Marchand, Eric and Stasse, Olivier and Wieber, Pierre-Brice and Yoshida, Eiichi},
  URL = {https://hal.inria.fr/hal-00639681},
  BOOKTITLE = {{IROS Workshop on Visual Control of Mobile Robots (ViCoMoR)}},
  ADDRESS = {San Francisco, USA, United States},
  PAGES = {19-26},
  YEAR = {2011},
  MONTH = Sep,
  KEYWORDS = {visual servoing},
  PDF = {https://hal.inria.fr/hal-00639681/file/2011_dune-VicomorWorkshop.pdf},
  HAL_ID = {hal-00639681},
  HAL_VERSION = {v1},
}

@book{borwein1987pi,
  title={Pi and the AGM: A Study in Analytic Number Theory and Computational Complexity},
  author={Borwein, Jonathan M and Borwein, Peter B},
  year={1987},
  publisher={Wiley, New York}
}


@article{Herdt2010online,
  doi = {10.1163/016918610x493552},
  url = {https://doi.org/10.1163/016918610x493552},
  year  = {2010},
  month = {jan},
  publisher = {Informa {UK} Limited},
  volume = {24},
  number = {5-6},
  pages = {719--737},
  author = {Andrei Herdt and Holger Diedam and Pierre-Brice Wieber and Dimitar Dimitrov and Katja Mombaur and Moritz Diehl},
  title = {Online Walking Motion Generation with Automatic Footstep Placement},
  journal = {Advanced Robotics}
}


@article{Schulman2014,
  doi = {10.1177/0278364914528132},
  url = {https://doi.org/10.1177/0278364914528132},
  year  = {2014},
  month = {jun},
  publisher = {{SAGE} Publications},
  volume = {33},
  number = {9},
  pages = {1251--1270},
  author = {John Schulman and Yan Duan and Jonathan Ho and Alex Lee and Ibrahim Awwal and Henry Bradlow and Jia Pan and Sachin Patil and Ken Goldberg and Pieter Abbeel},
  title = {Motion planning with sequential convex optimization and convex collision checking},
  journal = {The International Journal of Robotics Research}
}

@unpublished{Dimitrov2015preprint,
  title = {{Efficient resolution of potentially conflicting linear constraints in robotics}},
  author = {Dimitrov, Dimitar and Sherikov, Alexander and Wieber, Pierre-Brice},
  url = {https://hal.inria.fr/hal-01183003},
  note = {Submitted to IEEE TRO (05/August/2015)},
  year = {2015},
  pdf = {https://hal.inria.fr/hal-01183003/file/drdv_tro.pdf},
  hal_id = {hal-01183003},
  hal_version = {v1},
}

@inproceedings{Fraichard2003ICS,
  doi = {10.1109/iros.2003.1250659},
  url = {https://doi.org/10.1109/iros.2003.1250659},
  publisher = {{IEEE}},
  author = {T. Fratichard and H. Asama},
  title = {Inevitable collision states a step towards safer robots?},
  booktitle = {Proceedings 2003 {IEEE}/{RSJ} International Conference on Intelligent Robots and Systems ({IROS} 2003) (Cat. No.03CH37453)}
}


@incollection{RoseWalking,
  author={Rose, Jessica and Gamble, James},
  booktitle={Human Walking},
  publisher={Lippincott Williams and Wilkins}
}


@Misc{Herdt_youtube,
  author =   {A. Herdt, N. Perrin, P.B. Wieber},
  title =    {Walking without thinking about it},
  howpublished = {\url{https://www.youtube.com/watch?v=Y8jTTb0NJjM}},
  month =    {May},
  day =          16,
  year =     2012
}

@Misc{PB_youtube,
  author =   {P.B. Wieber},
  title =    {Lecture on Walking Motion Control: Theory and Implementation},
  howpublished = {\url{https://youtu.be/qT9qzwCJjAk?t=6513}},
  month =    {October},
  day =          06,
  year =     2013
}

@inproceedings{Zaytsev2015,
  doi = {10.1109/icra.2015.7140083},
  url = {https://doi.org/10.1109/icra.2015.7140083},
  year  = {2015},
  month = {may},
  publisher = {{IEEE}},
  author = {Petr Zaytsev and S. Javad Hasaneini and Andy Ruina},
  title = {Two steps is enough: No need to plan far ahead for walking balance},
  booktitle = {2015 {IEEE} International Conference on Robotics and Automation ({ICRA})}
}

@article{Bretl2008,
  doi = {10.1109/tro.2008.2001360},
  url = {https://doi.org/10.1109/tro.2008.2001360},
  year  = {2008},
  month = {aug},
  publisher = {Institute of Electrical and Electronics Engineers ({IEEE})},
  volume = {24},
  number = {4},
  pages = {794--807},
  author = {T. Bretl and S. Lall},
  title = {Testing Static Equilibrium for Legged Robots},
  journal = {{IEEE} Transactions on Robotics}
}

@inproceedings{Macek2008,
  doi = {10.1109/itsc.2008.4732685},
  url = {https://doi.org/10.1109/itsc.2008.4732685},
  year  = {2008},
  month = {oct},
  publisher = {{IEEE}},
  author = {Kristijan Macek and Dizan Vasquez and Thierry Fraichard and Roland Siegwart},
  title = {Safe Vehicle Navigation in Dynamic Urban Scenarios},
  booktitle = {2008 11th International {IEEE} Conference on Intelligent Transportation Systems}
}

@inproceedings{Mitsch2013,
  doi = {10.15607/rss.2013.ix.014},
  url = {https://doi.org/10.15607/rss.2013.ix.014},
  year  = {2013},
  month = {jun},
  publisher = {Robotics: Science and Systems Foundation},
  author = {Stefan Mitsch and Khalil Ghorbal and Andre Platzer},
  title = {On Provably Safe Obstacle Avoidance for Autonomous Robotic Ground Vehicles},
  booktitle = {Robotics: Science and Systems {IX}}
}

@article{Wu2012,
  doi = {10.1007/s10514-011-9266-8},
  url = {https://doi.org/10.1007/s10514-011-9266-8},
  year  = {2012},
  month = {feb},
  publisher = {Springer Nature},
  volume = {32},
  number = {3},
  pages = {227--242},
  author = {Albert Wu and Jonathan P. How},
  title = {Guaranteed infinite horizon avoidance of unpredictable,  dynamically constrained obstacles},
  journal = {Autonomous Robots}
}

@phdthesis{Howard2009PhD,
title = {Adaptive Model-Predictive Motion Planning for Navigation in Complex Environments},
author = {Thomas Howard},
school = {Robotics Institute, Carnegie Mellon University},
month = {August},
year = {2009},
number = {CMU-RI-TR-09-32},
address = {Pittsburgh, PA},
}

@inproceedings{Petti2005,
  doi = {10.1109/iros.2005.1545549},
  url = {https://doi.org/10.1109/iros.2005.1545549},
  year  = {2005},
  publisher = {{IEEE}},
  author = {S. Petti and T. Fraichard},
  title = {Safe motion planning in dynamic environments},
  booktitle = {2005 {IEEE}/{RSJ} International Conference on Intelligent Robots and Systems}
}

@article{Fraichard2004,
  doi = {10.1163/1568553042674662},
  url = {https://doi.org/10.1163/1568553042674662},
  year  = {2004},
  month = {jan},
  publisher = {Informa {UK} Limited},
  volume = {18},
  number = {10},
  pages = {1001--1024},
  author = {Thierry Fraichard and Hajime Asama},
  title = {Inevitable collision states {\textemdash} a step towards safer robots?},
  journal = {Advanced Robotics}
}

@article{LaValle2001,
  doi = {10.1177/02783640122067453},
  url = {https://doi.org/10.1177/02783640122067453},
  year  = {2001},
  month = {may},
  publisher = {{SAGE} Publications},
  volume = {20},
  number = {5},
  pages = {378--400},
  author = {Steven M. LaValle and James J. Kuffner},
  title = {Randomized Kinodynamic Planning},
  journal = {The International Journal of Robotics Research}
}

@article{macek2009PMP,
  TITLE = {{Towards Safe Vehicle Navigation in Dynamic Urban Scenarios}},
  AUTHOR = {Macek, Kristijan and Vasquez Govea, Dizan Alejandro and Fraichard, Thierry and Siegwart, Roland Y.},
  URL = {https://hal.inria.fr/inria-00447452},
  JOURNAL = {{Automatika}},
  PUBLISHER = {{Jugoslovenski Savez Za Elektroniku i Telekomunikacije Automatizaciju i Nuklearnu Tehniku (Etan)}},
  YEAR = {2009},
  MONTH = Nov,
  PDF = {https://hal.inria.fr/inria-00447452/file/09-automatika-macek-etal.pdf},
}

@phdthesis{petti2007safe,
  title={Safe navigation within dynamic environments: a partial motion planning approach},
  author={Petti, St{\'e}phane Renaud},
  year={2007},
  school={{\'E}cole Nationale Sup{\'e}rieure des Mines de Paris}
}


@article{Katrakazas2015,
  doi = {10.1016/j.trc.2015.09.011},
  url = {https://doi.org/10.1016/j.trc.2015.09.011},
  year  = {2015},
  month = {nov},
  publisher = {Elsevier {BV}},
  volume = {60},
  pages = {416--442},
  author = {Christos Katrakazas and Mohammed Quddus and Wen-Hua Chen and Lipika Deka},
  title = {Real-time motion planning methods for autonomous on-road driving: State-of-the-art and future research directions},
  journal = {Transportation Research Part C: Emerging Technologies}
}

@inproceedings{AlHomsi2016,
  doi = {10.1109/icra.2016.7487386},
  url = {https://doi.org/10.1109/icra.2016.7487386},
  year  = {2016},
  month = {may},
  publisher = {{IEEE}},
  author = {Saed Al Homsi and Alexander Sherikov and Dimitar Dimitrov and Pierre-Brice Wieber},
  title = {A hierarchical approach to minimum-time control of industrial robots},
  booktitle = {2016 {IEEE} International Conference on Robotics and Automation ({ICRA})}
}